<record><leader>00000cas a22000007a 4500</leader><controlfield tag="001">12203101</controlfield><controlfield tag="008">850626d18811881ndudn ne      0    0eng  </controlfield><controlfield tag="009">466</controlfield><datafield ind1=" " ind2=" " tag="010"><subfield code="a">sn 85042339 </subfield></datafield><datafield ind1=" " ind2=" " tag="040"><subfield code="a">DLC</subfield><subfield code="b">eng</subfield><subfield code="c">DLC</subfield><subfield code="d">NOP</subfield></datafield><datafield ind1="1" ind2=" " tag="029"><subfield code="a">AU@</subfield><subfield code="b">000025819821</subfield></datafield><datafield ind1=" " ind2=" " tag="042"><subfield code="a">msc</subfield></datafield><datafield ind1="0" ind2="0" tag="050"><subfield code="a">Newspaper 9210</subfield></datafield><datafield ind1="0" ind2="4" tag="245"><subfield code="a">The Daily alert.</subfield></datafield><datafield ind1=" " ind2=" " tag="260"><subfield code="a">Jamestown, Dakota [N.D.] :</subfield><subfield code="b">Marshall McClure,</subfield></datafield><datafield ind1=" " ind2=" " tag="300"><subfield code="a">2 v. :</subfield><subfield code="b">ill. (chiefly advertisements) ;</subfield><subfield code="c">34-50 cm.</subfield></datafield><datafield ind1=" " ind2=" " tag="310"><subfield code="a">Daily (except Sun.)</subfield></datafield><datafield ind1="0" ind2=" " tag="362"><subfield code="a">Vol. 1, no. 1 (Feb. 14, 1881)-v. 2, no. 39 (Sept. 29, 1881).</subfield></datafield><datafield ind1=" " ind2=" " tag="500"><subfield code="a">"Official Paper, Village of Jamestown", 1881.</subfield></datafield><datafield ind1=" " ind2=" " tag="530"><subfield code="a">Available on microfilm from the State Historical Society of North Dakota.</subfield></datafield><datafield ind1=" " ind2=" " tag="752"><subfield code="a">United States</subfield><subfield code="b">North Dakota</subfield><subfield code="c">Stutsman</subfield><subfield code="d">Jamestown.</subfield></datafield><datafield ind1="0" ind2=" " tag="775"><subfield code="t">Jamestown alert</subfield><subfield code="w">(DLC)sn 85042404</subfield></datafield><datafield ind1="0" ind2="0" tag="785"><subfield code="t">Jamestown daily alert (Jamestown, N.D. : 1881)</subfield><subfield code="w">(DLC)sn 88076627</subfield></datafield></record>